<?xml version = "1.0" encoding = "UTF-8"?><record>
    <leader>-----nas--2200505-i-4500</leader>
    <controlfield tag="001">99371107766906441</controlfield>
    <controlfield tag="005">20210508045131.2</controlfield>
    <controlfield tag="006">m-----o--d--------</controlfield>
    <controlfield tag="007">cr-|||||||||||</controlfield>
    <controlfield tag="008">160325c20169999iluar-p-o-----0---a0eng--</controlfield>
    <datafield tag="010" ind1=" " ind2=" ">
      <subfield code="a">  2016201585</subfield>
    </datafield>
    <datafield tag="035" ind1=" " ind2=" ">
      <subfield code="a">(OCoLC)945571548</subfield>
      <subfield code="0">(uri) http://www.worldcat.org/oclc/945571548</subfield>
    </datafield>
    <datafield tag="035" ind1=" " ind2=" ">
      <subfield code="a">(CKB)4100000012157171</subfield>
    </datafield>
    <datafield tag="035" ind1=" " ind2=" ">
      <subfield code="a">(CONSER)--2016201585</subfield>
    </datafield>
    <datafield tag="035" ind1=" " ind2=" ">
      <subfield code="a">(EXLCZ)994100000012157171</subfield>
    </datafield>
    <datafield tag="037" ind1=" " ind2=" ">
      <subfield code="b">The Howard Center for Family, Religion &amp; Society, 934 North Main Street, Rockford, IL 61103</subfield>
      <subfield code="c">$10.00 (single issue)</subfield>
      <subfield code="c">$35.00 (per year)</subfield>
    </datafield>
    <datafield tag="042" ind1=" " ind2=" ">
      <subfield code="a">msc</subfield>
    </datafield>
    <datafield tag="050" ind1="1" ind2="0">
      <subfield code="a">ISSN RECORD</subfield>
    </datafield>
    <datafield tag="130" ind1="0" ind2=" ">
      <subfield code="a">Natural family (Online)</subfield>
    </datafield>
    <datafield tag="245" ind1="1" ind2="4">
      <subfield code="a">The natural family.</subfield>
    </datafield>
    <datafield tag="264" ind1=" " ind2="1">
      <subfield code="a">Rockford, IL :</subfield>
      <subfield code="b">Howard Center for Family, Religion &amp; Society</subfield>
    </datafield>
    <datafield tag="300" ind1=" " ind2=" ">
      <subfield code="a">1 online resource</subfield>
    </datafield>
    <datafield tag="310" ind1=" " ind2=" ">
      <subfield code="a">Annual,</subfield>
      <subfield code="b">2019-</subfield>
    </datafield>
    <datafield tag="321" ind1=" " ind2=" ">
      <subfield code="a">Semiannual,</subfield>
      <subfield code="b">2017-2018</subfield>
    </datafield>
    <datafield tag="321" ind1=" " ind2=" ">
      <subfield code="a">Quarterly,</subfield>
      <subfield code="b">2016</subfield>
    </datafield>
    <datafield tag="336" ind1=" " ind2=" ">
      <subfield code="a">text</subfield>
      <subfield code="b">txt</subfield>
      <subfield code="2">rdacontent</subfield>
    </datafield>
    <datafield tag="337" ind1=" " ind2=" ">
      <subfield code="a">computer</subfield>
      <subfield code="b">c</subfield>
      <subfield code="2">rdamedia</subfield>
    </datafield>
    <datafield tag="338" ind1=" " ind2=" ">
      <subfield code="a">online resource</subfield>
      <subfield code="b">cr</subfield>
      <subfield code="2">rdacarrier</subfield>
    </datafield>
    <datafield tag="362" ind1="1" ind2=" ">
      <subfield code="a">Began with volume 30, number 3 (2016).</subfield>
    </datafield>
    <datafield tag="500" ind1=" " ind2=" ">
      <subfield code="a">The research and policy journal of the World Congress of Families.</subfield>
    </datafield>
    <datafield tag="588" ind1="0" ind2=" ">
      <subfield code="a">Volume 30, number 4 (Winter 2016); title from journal home page (familyinamerica, viewed April 7, 2021)</subfield>
    </datafield>
    <datafield tag="588" ind1="1" ind2=" ">
      <subfield code="a">Volume 34, number 1 (Spring/Summer 2020) (familyinamerica, viewed April 7, 2021).</subfield>
    </datafield>
    <datafield tag="650" ind1=" " ind2="0">
      <subfield code="a">Families</subfield>
      <subfield code="z">United States</subfield>
      <subfield code="v">Periodicals.</subfield>
    </datafield>
    <datafield tag="650" ind1=" " ind2="0">
      <subfield code="a">Conservatism</subfield>
      <subfield code="z">United States</subfield>
      <subfield code="v">Periodicals.</subfield>
    </datafield>
    <datafield tag="650" ind1=" " ind2="7">
      <subfield code="a">Conservatism.</subfield>
      <subfield code="2">fast</subfield>
      <subfield code="0">(OCoLC)fst00875582</subfield>
    </datafield>
    <datafield tag="650" ind1=" " ind2="7">
      <subfield code="a">Families.</subfield>
      <subfield code="2">fast</subfield>
      <subfield code="0">(OCoLC)fst01728849</subfield>
    </datafield>
    <datafield tag="651" ind1=" " ind2="7">
      <subfield code="a">United States.</subfield>
      <subfield code="2">fast</subfield>
      <subfield code="0">(OCoLC)fst01204155</subfield>
    </datafield>
    <datafield tag="655" ind1=" " ind2="0">
      <subfield code="a">Electronic journals.</subfield>
    </datafield>
    <datafield tag="655" ind1=" " ind2="7">
      <subfield code="a">Periodicals.</subfield>
      <subfield code="2">fast</subfield>
      <subfield code="0">(OCoLC)fst01411641</subfield>
    </datafield>
    <datafield tag="655" ind1=" " ind2="7">
      <subfield code="a">Periodicals.</subfield>
      <subfield code="2">lcgft</subfield>
    </datafield>
    <datafield tag="776" ind1=" " ind2=" ">
      <subfield code="x">2471-5506</subfield>
      <subfield code="0">(uri) http://worldcat.org/issn/2471-5506</subfield>
    </datafield>
    <datafield tag="710" ind1="2" ind2=" ">
      <subfield code="a">Howard Center for Family, Religion, &amp; Society,</subfield>
      <subfield code="e">issuing body.</subfield>
    </datafield>
    <datafield tag="711" ind1="2" ind2=" ">
      <subfield code="a">World Congress of Families.</subfield>
    </datafield>
    <datafield tag="906" ind1=" " ind2=" ">
      <subfield code="a">JOURNAL</subfield>
    </datafield>
    <datafield tag="MBD" ind1=" " ind2=" ">
      <subfield code="M">49HBZ_NETWORK</subfield>
      <subfield code="i">99371107766906441</subfield>
      <subfield code="n">HBZ Network</subfield>
    </datafield>
    <datafield tag="MBD" ind1=" " ind2=" ">
      <subfield code="M">49HBZ_UBD</subfield>
      <subfield code="i">991013521007106445</subfield>
      <subfield code="n">Technische Universit&#228;t Dortmund</subfield>
    </datafield>
    <datafield tag="MNG" ind1=" " ind2=" ">
      <subfield code="c">system</subfield>
      <subfield code="f">CKB</subfield>
      <subfield code="i">marc21</subfield>
      <subfield code="e">false</subfield>
      <subfield code="d">2022-01-28 06:23:35 Europe/Berlin</subfield>
      <subfield code="g">994100000012157171</subfield>
      <subfield code="a">CKB</subfield>
      <subfield code="b">2021-12-20 00:08:25 Europe/Berlin</subfield>
    </datafield>
    <datafield tag="POR" ind1=" " ind2=" ">
      <subfield code="j">EBSCOhost</subfield>
      <subfield code="x">System</subfield>
      <subfield code="a">53215099760006445</subfield>
      <subfield code="M">49HBZ_UBD</subfield>
      <subfield code="p">61206254580006445</subfield>
      <subfield code="q">Academic Search Ultimate</subfield>
      <subfield code="c">param</subfield>
      <subfield code="o">614340000000000211</subfield>
      <subfield code="y">2021-12-20 00:07:48 Europe/Berlin</subfield>
      <subfield code="w">2021-12-20 00:07:48 Europe/Berlin</subfield>
      <subfield code="D">https://eu04.alma.exlibrisgroup.com/view/uresolver/49HBZ_NETWORK/openurl?u.ignore_date_coverage=true&amp;portfolio_pid=53215099760006445&amp;Force_direct=true</subfield>
      <subfield code="v">electronic inventory creator</subfield>
      <subfield code="z">2021-12-19 23:07:48</subfield>
      <subfield code="n"> Available from 01/01/2017. Most recent 6 month(s) not available.</subfield>
      <subfield code="i">false</subfield>
      <subfield code="S">62206254570006445</subfield>
      <subfield code="d">https://hbz-network.userservices.exlibrisgroup.com/view/uresolver/49HBZ_NETWORK/openurl?u.ignore_date_coverage=true&amp;rft.mms_id=991013521007106445</subfield>
      <subfield code="b">Available</subfield>
      <subfield code="f">JOURNAL</subfield>
      <subfield code="8">53215099760006445</subfield>
    </datafield>
    <datafield tag="POC" ind1=" " ind2=" ">
      <subfield code="a">53215099760006445</subfield>
      <subfield code="b">2017</subfield>
      <subfield code="d">1</subfield>
      <subfield code="f">1</subfield>
    </datafield>
    <datafield tag="POE" ind1=" " ind2=" ">
      <subfield code="a">53215099760006445</subfield>
      <subfield code="b">&gt;=</subfield>
      <subfield code="d">6</subfield>
    </datafield>
  </record>